%YAML 1.1
%TAG !u! tag:unity3d.com,2011:
--- !u!1 &150753779234194528
GameObject:
  m_ObjectHideFlags: 0
  m_CorrespondingSourceObject: {fileID: 0}
  m_PrefabInstance: {fileID: 0}
  m_PrefabAsset: {fileID: 0}
  serializedVersion: 6
  m_Component:
  - component: {fileID: 8713906317125886451}
  - component: {fileID: 3518723595845154889}
  m_Layer: 0
  m_Name: jordan (3)
  m_TagString: Untagged
  m_Icon: {fileID: 0}
  m_NavMeshLayer: 0
  m_StaticEditorFlags: 0
  m_IsActive: 1
--- !u!4 &8713906317125886451
Transform:
  m_ObjectHideFlags: 0
  m_CorrespondingSourceObject: {fileID: 0}
  m_PrefabInstance: {fileID: 0}
  m_PrefabAsset: {fileID: 0}
  m_GameObject: {fileID: 150753779234194528}
  m_LocalRotation: {x: 0, y: 0, z: 0, w: 1}
  m_LocalPosition: {x: 0, y: 0, z: 0}
  m_LocalScale: {x: 1, y: 1, z: 1}
  m_Children: []
  m_Father: {fileID: 3737055270392243539}
  m_RootOrder: 5
  m_LocalEulerAnglesHint: {x: 0, y: 0, z: 0}
--- !u!114 &3518723595845154889
MonoBehaviour:
  m_ObjectHideFlags: 0
  m_CorrespondingSourceObject: {fileID: 0}
  m_PrefabInstance: {fileID: 0}
  m_PrefabAsset: {fileID: 0}
  m_GameObject: {fileID: 150753779234194528}
  m_Enabled: 1
  m_EditorHideFlags: 0
  m_Script: {fileID: 11500000, guid: 246b64667caad6249a2329f603238199, type: 3}
  m_Name: 
  m_EditorClassIdentifier: 
  character: 0
  emotion: 3
  dialogue: "I don\u2019t know what I would do if I lost you."
  audioClip: {fileID: 0}
--- !u!1 &411138345195737116
GameObject:
  m_ObjectHideFlags: 0
  m_CorrespondingSourceObject: {fileID: 0}
  m_PrefabInstance: {fileID: 0}
  m_PrefabAsset: {fileID: 0}
  serializedVersion: 6
  m_Component:
  - component: {fileID: 6403924113631766302}
  - component: {fileID: 7584373525308016973}
  m_Layer: 0
  m_Name: nora
  m_TagString: Untagged
  m_Icon: {fileID: 0}
  m_NavMeshLayer: 0
  m_StaticEditorFlags: 0
  m_IsActive: 1
--- !u!4 &6403924113631766302
Transform:
  m_ObjectHideFlags: 0
  m_CorrespondingSourceObject: {fileID: 0}
  m_PrefabInstance: {fileID: 0}
  m_PrefabAsset: {fileID: 0}
  m_GameObject: {fileID: 411138345195737116}
  m_LocalRotation: {x: 0, y: 0, z: 0, w: 1}
  m_LocalPosition: {x: 0, y: 0, z: 0}
  m_LocalScale: {x: 1, y: 1, z: 1}
  m_Children: []
  m_Father: {fileID: 3737055270392243539}
  m_RootOrder: 2
  m_LocalEulerAnglesHint: {x: 0, y: 0, z: 0}
--- !u!114 &7584373525308016973
MonoBehaviour:
  m_ObjectHideFlags: 0
  m_CorrespondingSourceObject: {fileID: 0}
  m_PrefabInstance: {fileID: 0}
  m_PrefabAsset: {fileID: 0}
  m_GameObject: {fileID: 411138345195737116}
  m_Enabled: 1
  m_EditorHideFlags: 0
  m_Script: {fileID: 11500000, guid: 246b64667caad6249a2329f603238199, type: 3}
  m_Name: 
  m_EditorClassIdentifier: 
  character: 1
  emotion: 3
  dialogue: "Sure. What\u2019s up?"
  audioClip: {fileID: 0}
--- !u!1 &1038124047747808822
GameObject:
  m_ObjectHideFlags: 0
  m_CorrespondingSourceObject: {fileID: 0}
  m_PrefabInstance: {fileID: 0}
  m_PrefabAsset: {fileID: 0}
  serializedVersion: 6
  m_Component:
  - component: {fileID: 3121834384575873222}
  - component: {fileID: 639954063757768730}
  m_Layer: 0
  m_Name: choice
  m_TagString: Untagged
  m_Icon: {fileID: 0}
  m_NavMeshLayer: 0
  m_StaticEditorFlags: 0
  m_IsActive: 1
--- !u!4 &3121834384575873222
Transform:
  m_ObjectHideFlags: 0
  m_CorrespondingSourceObject: {fileID: 0}
  m_PrefabInstance: {fileID: 0}
  m_PrefabAsset: {fileID: 0}
  m_GameObject: {fileID: 1038124047747808822}
  m_LocalRotation: {x: -0, y: -0, z: -0, w: 1}
  m_LocalPosition: {x: 0, y: 0, z: 0}
  m_LocalScale: {x: 1, y: 1, z: 1}
  m_Children: []
  m_Father: {fileID: 3737055270392243539}
  m_RootOrder: 8
  m_LocalEulerAnglesHint: {x: 0, y: 0, z: 0}
--- !u!114 &639954063757768730
MonoBehaviour:
  m_ObjectHideFlags: 0
  m_CorrespondingSourceObject: {fileID: 0}
  m_PrefabInstance: {fileID: 0}
  m_PrefabAsset: {fileID: 0}
  m_GameObject: {fileID: 1038124047747808822}
  m_Enabled: 1
  m_EditorHideFlags: 0
  m_Script: {fileID: 11500000, guid: af69355e1133bbe44ae965b6205f9006, type: 3}
  m_Name: 
  m_EditorClassIdentifier: 
  choice:
  - choiceText: Your posts
    choiceType: 0
    affected: 0
    amount: 0
    dialogues:
    - character: 0
      emotion: 3
      dialogue: Your posts.
      audioClip: {fileID: 8300000, guid: 65b0e6c340a2d0e4682c549a50aee334, type: 3}
    - character: 0
      emotion: 3
      dialogue: "I never told you about my mental health issues because I was afraid
        you\u2019d never see me the same way again."
      audioClip: {fileID: 8300000, guid: 5e2eb4d350761b848b699f6adb0ae02e, type: 3}
    - character: 0
      emotion: 3
      dialogue: I guess I was right. And on top of that, you had to tell everyone
        else.
      audioClip: {fileID: 8300000, guid: cadb31bb0bcccf84c9330d4d94f26f80, type: 3}
    - character: 0
      emotion: 3
      dialogue: You should have never said the things you said in that post.
      audioClip: {fileID: 8300000, guid: 9731d462d1950db4894e8fc0b34d3010, type: 3}
    - character: 0
      emotion: 3
      dialogue: How could you have done that to me?
      audioClip: {fileID: 8300000, guid: 4d58559fe14a70e4a8cde69001b6e72c, type: 3}
    - character: 1
      emotion: 3
      dialogue: "Jordan, I was mad at you. That\u2019s why I did it."
      audioClip: {fileID: 8300000, guid: f6bff744983cbb741b5c5eaabfefd907, type: 3}
    - character: 1
      emotion: 3
      dialogue: "It wasn\u2019t because I saw you any differently."
      audioClip: {fileID: 8300000, guid: 1dfd50203cd2a86419e770a3ccb670bc, type: 3}
    - character: 0
      emotion: 3
      dialogue: Why were you mad at me?
      audioClip: {fileID: 8300000, guid: f3b250903d8504740a89d23149becc9a, type: 3}
    - character: 1
      emotion: 3
      dialogue: You spread rumors about my family. You knew how much hurt I was going
        through
      audioClip: {fileID: 8300000, guid: 145f7f151bed35446931a4fc98e590ee, type: 3}
    - character: 1
      emotion: 3
      dialogue: And yet you shared my secret with everyone
      audioClip: {fileID: 8300000, guid: 262dce4d05754a84391cdcb3a19fb0b0, type: 3}
    - character: 1
      emotion: 3
      dialogue: "So I figured I\u2019d share your secret too."
      audioClip: {fileID: 8300000, guid: f84d0cf8f62c83747a870c304c578978, type: 3}
    - character: 0
      emotion: 3
      dialogue: What? I never spread any rumors.
      audioClip: {fileID: 8300000, guid: a3accc9d58a708c40b6576c04530f0fc, type: 3}
    - character: 1
      emotion: 3
      dialogue: "Maybe you didn\u2019t. But it still hurt. I was scared."
      audioClip: {fileID: 8300000, guid: d381191eaa1166b459b67b22ffc5e3ba, type: 3}
    - character: 1
      emotion: 3
      dialogue: "I know it\u2019s not an excuse."
      audioClip: {fileID: 8300000, guid: 4c490267d78230848862c9b96115f92b, type: 3}
    - character: 1
      emotion: 3
      dialogue: "I\u2019m sorry."
      audioClip: {fileID: 8300000, guid: 63dba7167c5469a4abe9781d4f46a575, type: 3}
    - character: 0
      emotion: 3
      dialogue: "I\u2019m sorry too. I should have talked to you sooner. If I had,
        maybe I wouldn\u2019t have started that fight at junior prom."
      audioClip: {fileID: 8300000, guid: da5164192d795184bb6cf9b39c71a2b8, type: 3}
    steps: {fileID: 0}
    endingId: 
  - choiceText: Your prank
    choiceType: 0
    affected: 0
    amount: 0
    dialogues:
    - character: 0
      emotion: 3
      dialogue: Your prank.
      audioClip: {fileID: 8300000, guid: cf46f6172fe70a64582aece1ebc9dae6, type: 3}
    - character: 0
      emotion: 3
      dialogue: I know we fought a lot, but you went too far on our senior trip.
      audioClip: {fileID: 8300000, guid: 8e0ba60aa9c96fe48974a80b0902ff0f, type: 3}
    - character: 0
      emotion: 3
      dialogue: I was locked outside all night. I could have gotten attacked, or
        worse.
      audioClip: {fileID: 8300000, guid: 24238eb0263d91d4eabec41d99f3fb67, type: 3}
    - character: 0
      emotion: 3
      dialogue: I thought we were finally going to make up, and then you did that
        to me.
      audioClip: {fileID: 8300000, guid: 022ff9a7f22a45b41ae4d85f6dfddf84, type: 3}
    - character: 0
      emotion: 3
      dialogue: "I just don\u2019t understand why\u2026"
      audioClip: {fileID: 8300000, guid: fffcb22fc1d5c6845acc93cd9bbed7a2, type: 3}
    - character: 1
      emotion: 3
      dialogue: Jordan, I was mad at you.
      audioClip: {fileID: 8300000, guid: 8aead2ff7898c474abfb0bd9ef4fc75b, type: 3}
    - character: 0
      emotion: 3
      dialogue: At me?
      audioClip: {fileID: 8300000, guid: b5a8263d12ea0264a909870dc921aa05, type: 3}
    - character: 1
      emotion: 3
      dialogue: Yeah, after junior prom, nothing was the same again. I felt like
        I was still an outsider.
      audioClip: {fileID: 8300000, guid: 014cdf0829043af4998161247ec83485, type: 3}
    - character: 1
      emotion: 3
      dialogue: Nobody saw me in the same way anymore.
      audioClip: {fileID: 8300000, guid: 97bce430b562356469cc3927a8cd3fdd, type: 3}
    - character: 1
      emotion: 3
      dialogue: I just wanted to get back at you.
      audioClip: {fileID: 8300000, guid: e14b4f5eac29fff45b63da783417cf9c, type: 3}
    - character: 1
      emotion: 3
      dialogue: "But now I regret it. I\u2019m not mad at you anymore."
      audioClip: {fileID: 8300000, guid: f366f181627975641ab449b16f2d49e3, type: 3}
    - character: 0
      emotion: 3
      dialogue: Yeah, but I felt like an outsider too. And then you literally locked
        me outside.
      audioClip: {fileID: 8300000, guid: a279b49b4f65c6a4a93e616579f1b221, type: 3}
    - character: 0
      emotion: 3
      dialogue: I spent the whole night waiting for someone to notice, but no one
        ever did.
      audioClip: {fileID: 8300000, guid: c8d0f3a1e8e5bd542b75be9e608e9097, type: 3}
    - character: 1
      emotion: 3
      dialogue: "What I did to you was awful. I\u2019m sorry."
      audioClip: {fileID: 8300000, guid: 979f33608c109d94f9ea1ecdbac56be4, type: 3}
    - character: 1
      emotion: 3
      dialogue: "But I don\u2019t want to lock you out anymore."
      audioClip: {fileID: 8300000, guid: 7d02896504d4a0242b944654b939f30a, type: 3}
    - character: 0
      emotion: 3
      dialogue: "I\u2019m sorry too. Maybe if we had talked sooner you never would
        have been so mad at me. I never meant for you to feel like an outsider. "
      audioClip: {fileID: 8300000, guid: 38c7537f4157225418106771b3ccef4e, type: 3}
    steps: {fileID: 0}
    endingId: 
--- !u!1 &1871326708929893795
GameObject:
  m_ObjectHideFlags: 0
  m_CorrespondingSourceObject: {fileID: 0}
  m_PrefabInstance: {fileID: 0}
  m_PrefabAsset: {fileID: 0}
  serializedVersion: 6
  m_Component:
  - component: {fileID: 6748590865046025901}
  - component: {fileID: 463168440416061149}
  m_Layer: 0
  m_Name: nora (1)
  m_TagString: Untagged
  m_Icon: {fileID: 0}
  m_NavMeshLayer: 0
  m_StaticEditorFlags: 0
  m_IsActive: 1
--- !u!4 &6748590865046025901
Transform:
  m_ObjectHideFlags: 0
  m_CorrespondingSourceObject: {fileID: 0}
  m_PrefabInstance: {fileID: 0}
  m_PrefabAsset: {fileID: 0}
  m_GameObject: {fileID: 1871326708929893795}
  m_LocalRotation: {x: 0, y: 0, z: 0, w: 1}
  m_LocalPosition: {x: 0, y: 0, z: 0}
  m_LocalScale: {x: 1, y: 1, z: 1}
  m_Children: []
  m_Father: {fileID: 3737055270392243539}
  m_RootOrder: 6
  m_LocalEulerAnglesHint: {x: 0, y: 0, z: 0}
--- !u!114 &463168440416061149
MonoBehaviour:
  m_ObjectHideFlags: 0
  m_CorrespondingSourceObject: {fileID: 0}
  m_PrefabInstance: {fileID: 0}
  m_PrefabAsset: {fileID: 0}
  m_GameObject: {fileID: 1871326708929893795}
  m_Enabled: 1
  m_EditorHideFlags: 0
  m_Script: {fileID: 11500000, guid: 246b64667caad6249a2329f603238199, type: 3}
  m_Name: 
  m_EditorClassIdentifier: 
  character: 1
  emotion: 3
  dialogue: Me too, Jordan.
  audioClip: {fileID: 0}
--- !u!1 &2562194889869633062
GameObject:
  m_ObjectHideFlags: 0
  m_CorrespondingSourceObject: {fileID: 0}
  m_PrefabInstance: {fileID: 0}
  m_PrefabAsset: {fileID: 0}
  serializedVersion: 6
  m_Component:
  - component: {fileID: 3878985393565841365}
  - component: {fileID: 4523311274004981579}
  m_Layer: 0
  m_Name: jordan (1)
  m_TagString: Untagged
  m_Icon: {fileID: 0}
  m_NavMeshLayer: 0
  m_StaticEditorFlags: 0
  m_IsActive: 1
--- !u!4 &3878985393565841365
Transform:
  m_ObjectHideFlags: 0
  m_CorrespondingSourceObject: {fileID: 0}
  m_PrefabInstance: {fileID: 0}
  m_PrefabAsset: {fileID: 0}
  m_GameObject: {fileID: 2562194889869633062}
  m_LocalRotation: {x: 0, y: 0, z: 0, w: 1}
  m_LocalPosition: {x: 0, y: 0, z: 0}
  m_LocalScale: {x: 1, y: 1, z: 1}
  m_Children: []
  m_Father: {fileID: 3737055270392243539}
  m_RootOrder: 3
  m_LocalEulerAnglesHint: {x: 0, y: 0, z: 0}
--- !u!114 &4523311274004981579
MonoBehaviour:
  m_ObjectHideFlags: 0
  m_CorrespondingSourceObject: {fileID: 0}
  m_PrefabInstance: {fileID: 0}
  m_PrefabAsset: {fileID: 0}
  m_GameObject: {fileID: 2562194889869633062}
  m_Enabled: 1
  m_EditorHideFlags: 0
  m_Script: {fileID: 11500000, guid: 246b64667caad6249a2329f603238199, type: 3}
  m_Name: 
  m_EditorClassIdentifier: 
  character: 0
  emotion: 3
  dialogue: "I know we haven\u2019t always gotten along in the past."
  audioClip: {fileID: 0}
--- !u!1 &3524145891777281101
GameObject:
  m_ObjectHideFlags: 0
  m_CorrespondingSourceObject: {fileID: 0}
  m_PrefabInstance: {fileID: 0}
  m_PrefabAsset: {fileID: 0}
  serializedVersion: 6
  m_Component:
  - component: {fileID: 238204919102719888}
  - component: {fileID: 5801924566694782702}
  m_Layer: 0
  m_Name: jordan (2)
  m_TagString: Untagged
  m_Icon: {fileID: 0}
  m_NavMeshLayer: 0
  m_StaticEditorFlags: 0
  m_IsActive: 1
--- !u!4 &238204919102719888
Transform:
  m_ObjectHideFlags: 0
  m_CorrespondingSourceObject: {fileID: 0}
  m_PrefabInstance: {fileID: 0}
  m_PrefabAsset: {fileID: 0}
  m_GameObject: {fileID: 3524145891777281101}
  m_LocalRotation: {x: 0, y: 0, z: 0, w: 1}
  m_LocalPosition: {x: 0, y: 0, z: 0}
  m_LocalScale: {x: 1, y: 1, z: 1}
  m_Children: []
  m_Father: {fileID: 3737055270392243539}
  m_RootOrder: 4
  m_LocalEulerAnglesHint: {x: 0, y: 0, z: 0}
--- !u!114 &5801924566694782702
MonoBehaviour:
  m_ObjectHideFlags: 0
  m_CorrespondingSourceObject: {fileID: 0}
  m_PrefabInstance: {fileID: 0}
  m_PrefabAsset: {fileID: 0}
  m_GameObject: {fileID: 3524145891777281101}
  m_Enabled: 1
  m_EditorHideFlags: 0
  m_Script: {fileID: 11500000, guid: 246b64667caad6249a2329f603238199, type: 3}
  m_Name: 
  m_EditorClassIdentifier: 
  character: 0
  emotion: 3
  dialogue: But I realize now, even in the midst of all the fighting, I do really
    care about you.
  audioClip: {fileID: 0}
--- !u!1 &4262549205680309040
GameObject:
  m_ObjectHideFlags: 0
  m_CorrespondingSourceObject: {fileID: 0}
  m_PrefabInstance: {fileID: 0}
  m_PrefabAsset: {fileID: 0}
  serializedVersion: 6
  m_Component:
  - component: {fileID: 8547323613348674464}
  - component: {fileID: 7979177530784271892}
  m_Layer: 0
  m_Name: nora (2)
  m_TagString: Untagged
  m_Icon: {fileID: 0}
  m_NavMeshLayer: 0
  m_StaticEditorFlags: 0
  m_IsActive: 1
--- !u!4 &8547323613348674464
Transform:
  m_ObjectHideFlags: 0
  m_CorrespondingSourceObject: {fileID: 0}
  m_PrefabInstance: {fileID: 0}
  m_PrefabAsset: {fileID: 0}
  m_GameObject: {fileID: 4262549205680309040}
  m_LocalRotation: {x: 0, y: 0, z: 0, w: 1}
  m_LocalPosition: {x: 0, y: 0, z: 0}
  m_LocalScale: {x: 1, y: 1, z: 1}
  m_Children: []
  m_Father: {fileID: 3737055270392243539}
  m_RootOrder: 7
  m_LocalEulerAnglesHint: {x: 0, y: 0, z: 0}
--- !u!114 &7979177530784271892
MonoBehaviour:
  m_ObjectHideFlags: 0
  m_CorrespondingSourceObject: {fileID: 0}
  m_PrefabInstance: {fileID: 0}
  m_PrefabAsset: {fileID: 0}
  m_GameObject: {fileID: 4262549205680309040}
  m_Enabled: 1
  m_EditorHideFlags: 0
  m_Script: {fileID: 11500000, guid: 246b64667caad6249a2329f603238199, type: 3}
  m_Name: 
  m_EditorClassIdentifier: 
  character: 1
  emotion: 3
  dialogue: Jordan, what happened between us? We used to be best friends. Now it
    seems like we only ever fight.
  audioClip: {fileID: 0}
--- !u!1 &4342211189566692811
GameObject:
  m_ObjectHideFlags: 0
  m_CorrespondingSourceObject: {fileID: 0}
  m_PrefabInstance: {fileID: 0}
  m_PrefabAsset: {fileID: 0}
  serializedVersion: 6
  m_Component:
  - component: {fileID: 8780141230328918896}
  - component: {fileID: 904281159191590165}
  m_Layer: 0
  m_Name: jordan
  m_TagString: Untagged
  m_Icon: {fileID: 0}
  m_NavMeshLayer: 0
  m_StaticEditorFlags: 0
  m_IsActive: 1
--- !u!4 &8780141230328918896
Transform:
  m_ObjectHideFlags: 0
  m_CorrespondingSourceObject: {fileID: 0}
  m_PrefabInstance: {fileID: 0}
  m_PrefabAsset: {fileID: 0}
  m_GameObject: {fileID: 4342211189566692811}
  m_LocalRotation: {x: 0, y: 0, z: 0, w: 1}
  m_LocalPosition: {x: 0, y: 0, z: 0}
  m_LocalScale: {x: 1, y: 1, z: 1}
  m_Children: []
  m_Father: {fileID: 3737055270392243539}
  m_RootOrder: 0
  m_LocalEulerAnglesHint: {x: 0, y: 0, z: 0}
--- !u!114 &904281159191590165
MonoBehaviour:
  m_ObjectHideFlags: 0
  m_CorrespondingSourceObject: {fileID: 0}
  m_PrefabInstance: {fileID: 0}
  m_PrefabAsset: {fileID: 0}
  m_GameObject: {fileID: 4342211189566692811}
  m_Enabled: 1
  m_EditorHideFlags: 0
  m_Script: {fileID: 11500000, guid: 8eed12a5088aa73449ba5ed1e5a2b91d, type: 3}
  m_Name: 
  m_EditorClassIdentifier: 
  characters:
  - name: 0
    emotion: 3
    position: 2
  - name: 1
    emotion: 3
    position: 3
  - name: 2
    emotion: 3
    position: 5
  - name: 4
    emotion: 3
    position: 5
--- !u!1 &5000285093562772687
GameObject:
  m_ObjectHideFlags: 0
  m_CorrespondingSourceObject: {fileID: 0}
  m_PrefabInstance: {fileID: 0}
  m_PrefabAsset: {fileID: 0}
  serializedVersion: 6
  m_Component:
  - component: {fileID: 1376273658920573745}
  - component: {fileID: 1568424530729434197}
  m_Layer: 0
  m_Name: jordan (4)
  m_TagString: Untagged
  m_Icon: {fileID: 0}
  m_NavMeshLayer: 0
  m_StaticEditorFlags: 0
  m_IsActive: 1
--- !u!4 &1376273658920573745
Transform:
  m_ObjectHideFlags: 0
  m_CorrespondingSourceObject: {fileID: 0}
  m_PrefabInstance: {fileID: 0}
  m_PrefabAsset: {fileID: 0}
  m_GameObject: {fileID: 5000285093562772687}
  m_LocalRotation: {x: 0, y: 0, z: 0, w: 1}
  m_LocalPosition: {x: 0, y: 0, z: 0}
  m_LocalScale: {x: 1, y: 1, z: 1}
  m_Children: []
  m_Father: {fileID: 3737055270392243539}
  m_RootOrder: 1
  m_LocalEulerAnglesHint: {x: 0, y: 0, z: 0}
--- !u!114 &1568424530729434197
MonoBehaviour:
  m_ObjectHideFlags: 0
  m_CorrespondingSourceObject: {fileID: 0}
  m_PrefabInstance: {fileID: 0}
  m_PrefabAsset: {fileID: 0}
  m_GameObject: {fileID: 5000285093562772687}
  m_Enabled: 1
  m_EditorHideFlags: 0
  m_Script: {fileID: 11500000, guid: 246b64667caad6249a2329f603238199, type: 3}
  m_Name: 
  m_EditorClassIdentifier: 
  character: 0
  emotion: 3
  dialogue: Nora, can I talk with you?
  audioClip: {fileID: 8300000, guid: 55154c3b49b25714aae35362113c59a2, type: 3}
--- !u!1 &6643299948279411887
GameObject:
  m_ObjectHideFlags: 0
  m_CorrespondingSourceObject: {fileID: 0}
  m_PrefabInstance: {fileID: 0}
  m_PrefabAsset: {fileID: 0}
  serializedVersion: 6
  m_Component:
  - component: {fileID: 6178792321789820349}
  - component: {fileID: 1774941549530980760}
  m_Layer: 0
  m_Name: layton
  m_TagString: Untagged
  m_Icon: {fileID: 0}
  m_NavMeshLayer: 0
  m_StaticEditorFlags: 0
  m_IsActive: 1
--- !u!4 &6178792321789820349
Transform:
  m_ObjectHideFlags: 0
  m_CorrespondingSourceObject: {fileID: 0}
  m_PrefabInstance: {fileID: 0}
  m_PrefabAsset: {fileID: 0}
  m_GameObject: {fileID: 6643299948279411887}
  m_LocalRotation: {x: 0, y: 0, z: 0, w: 1}
  m_LocalPosition: {x: 0, y: 0, z: 0}
  m_LocalScale: {x: 1, y: 1, z: 1}
  m_Children: []
  m_Father: {fileID: 3737055270392243539}
  m_RootOrder: 9
  m_LocalEulerAnglesHint: {x: 0, y: 0, z: 0}
--- !u!114 &1774941549530980760
MonoBehaviour:
  m_ObjectHideFlags: 0
  m_CorrespondingSourceObject: {fileID: 0}
  m_PrefabInstance: {fileID: 0}
  m_PrefabAsset: {fileID: 0}
  m_GameObject: {fileID: 6643299948279411887}
  m_Enabled: 1
  m_EditorHideFlags: 0
  m_Script: {fileID: 11500000, guid: 246b64667caad6249a2329f603238199, type: 3}
  m_Name: 
  m_EditorClassIdentifier: 
  character: 2
  emotion: 3
  dialogue: Hey guys! Are you coming or what?
  audioClip: {fileID: 0}
--- !u!1 &6711668551274424786
GameObject:
  m_ObjectHideFlags: 0
  m_CorrespondingSourceObject: {fileID: 0}
  m_PrefabInstance: {fileID: 0}
  m_PrefabAsset: {fileID: 0}
  serializedVersion: 6
  m_Component:
  - component: {fileID: 5868645604141580498}
  - component: {fileID: 1967858755486697054}
  m_Layer: 0
  m_Name: nora (3)
  m_TagString: Untagged
  m_Icon: {fileID: 0}
  m_NavMeshLayer: 0
  m_StaticEditorFlags: 0
  m_IsActive: 1
--- !u!4 &5868645604141580498
Transform:
  m_ObjectHideFlags: 0
  m_CorrespondingSourceObject: {fileID: 0}
  m_PrefabInstance: {fileID: 0}
  m_PrefabAsset: {fileID: 0}
  m_GameObject: {fileID: 6711668551274424786}
  m_LocalRotation: {x: 0, y: 0, z: 0, w: 1}
  m_LocalPosition: {x: 0, y: 0, z: 0}
  m_LocalScale: {x: 1, y: 1, z: 1}
  m_Children: []
  m_Father: {fileID: 3737055270392243539}
  m_RootOrder: 10
  m_LocalEulerAnglesHint: {x: 0, y: 0, z: 0}
--- !u!114 &1967858755486697054
MonoBehaviour:
  m_ObjectHideFlags: 0
  m_CorrespondingSourceObject: {fileID: 0}
  m_PrefabInstance: {fileID: 0}
  m_PrefabAsset: {fileID: 0}
  m_GameObject: {fileID: 6711668551274424786}
  m_Enabled: 1
  m_EditorHideFlags: 0
  m_Script: {fileID: 11500000, guid: 246b64667caad6249a2329f603238199, type: 3}
  m_Name: 
  m_EditorClassIdentifier: 
  character: 1
  emotion: 3
  dialogue: I guess we better go back now.
  audioClip: {fileID: 0}
--- !u!1 &7224695350585785551
GameObject:
  m_ObjectHideFlags: 0
  m_CorrespondingSourceObject: {fileID: 0}
  m_PrefabInstance: {fileID: 0}
  m_PrefabAsset: {fileID: 0}
  serializedVersion: 6
  m_Component:
  - component: {fileID: 3737055270392243539}
  m_Layer: 0
  m_Name: noraConversation
  m_TagString: Untagged
  m_Icon: {fileID: 0}
  m_NavMeshLayer: 0
  m_StaticEditorFlags: 0
  m_IsActive: 1
--- !u!4 &3737055270392243539
Transform:
  m_ObjectHideFlags: 0
  m_CorrespondingSourceObject: {fileID: 0}
  m_PrefabInstance: {fileID: 0}
  m_PrefabAsset: {fileID: 0}
  m_GameObject: {fileID: 7224695350585785551}
  m_LocalRotation: {x: 0, y: 0, z: 0, w: 1}
  m_LocalPosition: {x: 10.480621, y: -29.098434, z: 507.49884}
  m_LocalScale: {x: 1, y: 1, z: 1}
  m_Children:
  - {fileID: 8780141230328918896}
  - {fileID: 1376273658920573745}
  - {fileID: 6403924113631766302}
  - {fileID: 3878985393565841365}
  - {fileID: 238204919102719888}
  - {fileID: 8713906317125886451}
  - {fileID: 6748590865046025901}
  - {fileID: 8547323613348674464}
  - {fileID: 3121834384575873222}
  - {fileID: 6178792321789820349}
  - {fileID: 5868645604141580498}
  m_Father: {fileID: 0}
  m_RootOrder: 0
  m_LocalEulerAnglesHint: {x: 0, y: 0, z: 0}
